@misc{popularity,
	title="The Growing Popularity of Machine Learning Technology [Электронный ресурс]",
	howpublished="Режим доступа: \url{https://fintelics.medium.com/the-growing-popularity-of-machine-learning-technology-bd217bb00d4f} (дата обращения: 10.05.2022)"
}

@misc{rest,
	title="What is a REST API? - Red Hat [Электронный ресурс]",
	howpublished="Режим доступа: \url{https://www.redhat.com/en/topics/api/what-is-a-rest-api} (дата обращения: 10.05.2022)"
}

@misc{neural,
	title="What are Neural Networks? | IBM [Электронный ресурс]",
	howpublished="Режим доступа: \url{https://www.ibm.com/cloud/learn/neural-networks} (дата обращения: 10.05.2022)"
}

@misc{sas-neural,
	title="Neural Networks - What are they and why do they matter? | SAS [Электронный ресурс]",
	howpublished="Режим доступа: \url{https://www.sas.com/ru_ru/insights/analytics/neural-networks.html} (дата обращения: 10.05.2022)"
}

@article{sharkawy-neural,
    author = {Sharkawy, Abdel-Nasser},
    year = {2020},
    month = {08},
    pages = {8-19},
    title = {Principle of Neural Network and Its Main Types: Review},
    volume = {7},
    journal = {Journal of Advances in Applied \& Computational Mathematics},
    doi = {10.15377/2409-5761.2020.07.2}
}

@misc{mit-neural,
	title="Explained: Neural networks | MIT News | SAS [Электронный ресурс]",
	howpublished="Режим доступа: \url{https://news.mit.edu/2017/explained-neural-networks-deep-learning-0414} (дата обращения: 10.05.2022)"
}

@misc{database,
	title="Что такое база данных | Oracle Россия и СНГ [Электронный ресурс]",
	howpublished="Режим доступа: \url{https://www.oracle.com/ru/database/what-is-database/} (дата обращения: 22.03.2022)"
}

@misc{subd,
	title="Что такое СУБД - RU-CENTER [Электронный ресурс]",
	howpublished="Режим доступа: \url{https://www.nic.ru/help/chto-takoe-subd_8580.html} (дата обращения: 22.03.2022)"
}

@misc{db-comparison,
	title="The Different Types of Databases - Overview with Examples [Электронный ресурс]",
	howpublished="Режим доступа: \url{https://www.prisma.io/dataguide/intro/comparing-database-types} (дата обращения: 10.05.2022)"
}

@misc{modern-db-comparison,
	title="Different Types of Databases for Modern Data Challenges [Электронный ресурс]",
	howpublished="Режим доступа: \url{https://www.sisense.com/blog/different-types-of-databases-for-modern-data-challenges/} (дата обращения: 10.05.2022)"
}

@misc{db-ranking,
	title="DB-Engines Ranking [Электронный ресурс]",
	howpublished="Режим доступа: \url{https://db-engines.com/en/ranking} (дата обращения: 10.05.2022)"
}

@misc{oltp,
	title="What is OLTP? | IBM [Электронный ресурс]",
	howpublished="Режим доступа: \url{https://www.ibm.com/cloud/learn/oltp} (дата обращения: 22.03.2022)"
}

@misc{olap,
	title="What is OLAP? | IBM [Электронный ресурс]",
	howpublished="Режим доступа: \url{https://www.ibm.com/cloud/learn/olap} (дата обращения: 22.03.2022)"
}

@misc{acid,
	title="Транзакции, ACID, CAP | GeekBrains [Электронный ресурс]",
	howpublished="Режим доступа: \url{https://gb.ru/posts/acid_cap_transactions} (дата обращения: 22.03.2022)"
}

@inbook{graphdatabases,
    author = {Domdouzis, Konstantinos and Lake, Peter and Crowther, Paul},
    year = {2021},
    month = {05},
    pages = {223-235},
    title = {Graph Databases},
    doi = {10.1007/978-3-030-42224-0_11}
}

@misc{graph-vs-rel,
	title="Graph Databases VS Relational Databases – Learn How a Graph Database Works [Электронный ресурс]",
	howpublished="Режим доступа: \url{https://www.freecodecamp.org/news/graph-database-vs-relational-database/} (дата обращения: 10.05.2022)"
}

@inproceedings{rel-vs-nosql,
    author={Hassan, Mohammad A.},
    booktitle={2021 22nd International Arab Conference on Information Technology (ACIT)},
    title={Relational and NoSQL Databases: The Appropriate Database Model Choice},
    year={2021},
    pages={1-6},
    doi={10.1109/ACIT53391.2021.9677042}
}

@misc{internetusers,
	title="Internet World Stats. World Internet Usage And Population Statistics. [Электронный ресурс]",
	howpublished="Режим доступа: \url{https://www.internetworldstats.com/stats.htm} (дата обращения: 28.05.2022)"
}

@misc{nosql,
	title="Что такое NoSQL? | Amazon AWS [Электронный ресурс]",
	howpublished="Режим доступа: \url{https://aws.amazon.com/ru/nosql/} (дата обращения: 22.03.2022)"
}

@misc{tarantool-snapshots,
	title="Storing data with memtx | Tarantool [Электронный ресурс]",
	howpublished="Режим доступа: \url{https://www.tarantool.io/en/doc/latest/book/box/engines/memtx/} (дата обращения: 10.05.2022)"
}

@misc{cache-what-is-it,
	title="What is Caching and How it Works | AWS [Электронный ресурс]",
	howpublished="Режим доступа: \url{https://aws.amazon.com/caching/} (дата обращения: 29.05.2022)"
}

@article{database-migrations,
    author = {Hussien, Abou-El-Ela},
    year = {2021},
    month = {01},
    pages = {79-103},
    title = {Data Migration Need, Strategy, Challenges, Methodology, Categories, Risks, Uses with Cloud Computing, and Improvements in Its Using with Cloud Using Suggested Proposed Model (DMig 1) Open Access},
    volume = {12 No.1 2021},
    journal = {Journal of Information Security},
    doi = {10.4236/jis.2021.121004}
}

@misc{race-condition,
	title="Race conditions and deadlocks - Microsoft Docs [Электронный ресурс]",
	howpublished="Режим доступа: \url{https://docs.microsoft.com/en-us/troubleshoot/dotnet/visual-basic/race-conditions-deadlocks} (дата обращения: 22.03.2022)"
}

@misc{plpython3u,
	title="PostgreSQL: Документация: 9.6: 44.1. Python 2 и Python 3. [Электронный ресурс]",
	howpublished="Режим доступа: \url{https://postgrespro.ru/docs/postgresql/9.6/plpython-python23} (дата обращения: 22.03.2022)"
}

@misc{postgresql,
	title="PostgreSQL: Документация. [Электронный ресурс]",
	howpublished="Режим доступа: \url{https://postgrespro.ru/docs/postgresql/} (дата обращения: 22.03.2022)"
}

@misc{oracle,
	title="SQL Language | Oracle [Электронный ресурс]",
	howpublished="Режим доступа: \url{https://www.oracle.com/database/technologies/appdev/sql.html} (дата обращения: 22.03.2022)"
}

@misc{mysql,
	title="MySQL Database Service is a fully managed database service to deploy cloud-native applications. [Электронный ресурс]",
	howpublished="Режим доступа: \url{https://www.mysql.com/} (дата обращения: 22.03.2022)"
}

@misc{postgresql-fact,
	title="PostgreSQL: вчера, сегодня, завтра [Электронный ресурс]",
	howpublished="Режим доступа: \url{https://postgrespro.ru/blog/media/17768} (дата обращения: 22.03.2022)"
}

@misc{mvcc,
	title="Documentation: 12: 13.1. Introduction - PostgreSQL [Электронный ресурс]",
	howpublished="Режим доступа: \url{https://www.postgresql.org/docs/12/mvcc-intro.html} (дата обращения: 22.03.2022)"
}

@misc{r-lock,
	title="Применение блокировок чтения/записи | IBM [Электронный ресурс]",
	howpublished="Режим доступа: \url{https://www.ibm.com/docs/ru/aix/7.2?topic=programming-using-readwrite-locks} (дата обращения: 22.03.2022)"
}

@misc{lru,
	title=" LRU, метод вытеснения из кэша | Habr [Электронный ресурс]",
	howpublished="Режим доступа: \url{https://habr.com/ru/post/136758/} (дата обращения: 22.03.2022)"
}

@misc{oracle-company,
	title="Oracle | Integrated Cloud Applications and Platform Services [Электронный ресурс]",
	howpublished="Режим доступа: \url{https://www.oracle.com/index.html} (дата обращения: 22.03.2022)"
}

@misc{oracle-popular,
	title="DB-Engines Ranking [Электронный ресурс]",
	howpublished="Режим доступа: \url{https://db-engines.com/en/ranking} (дата обращения: 22.03.2022)"
}

@misc{myisam,
	title="MySQL Reference Manual 16.2: The MyISAM Storage Engine [Электронный ресурс]",
	howpublished="Режим доступа: \url{https://dev.mysql.com/doc/refman/8.0/en/myisam-storage-engine.html} (дата обращения: 22.03.2022)"
}

@misc{innodb,
	title="MySQL Reference Manual 8.0: The InnoDB Storage Enginee [Электронный ресурс]",
	howpublished="Режим доступа: \url{https://dev.mysql.com/doc/refman/8.0/en/innodb-storage-engine.html} (дата обращения: 22.03.2022)"
}

@misc{php,
	title="PHP: Hypertext Preprocessor [Электронный ресурс]",
	howpublished="Режим доступа: \url{https://www.php.net/} (дата обращения: 22.03.2022)"
}

@misc{perl,
	title="
	The Perl Programming Language [Электронный ресурс]",
	howpublished="Режим доступа: \url{https://www.perl.org/} (дата обращения: 22.03.2022)"
}

@misc{redis,
	title="Redis is an open source (BSD licensed), in-memory data structure store, used as a database, cache, and message broker [Электронный ресурс]",
	howpublished="Режим доступа: \url{https://redis.io/} (дата обращения: 22.03.2022)"
}

@misc{tarantool,
	title="Tarantool -- Платформа In-memory вычислений [Электронный ресурс]",
	howpublished="Режим доступа: \url{https://www.tarantool.io/ru/} (дата обращения: 22.03.2022)"
}

@misc{lua,
	title="The Programming Language Lua [Электронный ресурс]",
	howpublished="Режим доступа: \url{http://www.lua.org/} (дата обращения: 22.03.2022)"
}

@misc{master-slave,
	title="Tech Confronts Its Use of the Labels <<Master>> and <<Slave>> [Электронный ресурс]",
	howpublished="Режим доступа: \url{https://www.wired.com/story/tech-confronts-use-labels-master-slave/} (дата обращения: 22.03.2022)"
}

@misc{master-master,
	title="How To Set Up MySQL Master-Master Replication [Электронный ресурс]",
	howpublished="Режим доступа: \url{https://www.digitalocean.com/community/tutorials/how-to-set-up-mysql-master-master-replication} (дата обращения: 22.03.2022)"
}

@misc{memtx-vinyl,
	title="Движки базы данных | Tarantool [Электронный ресурс]",
	howpublished="Режим доступа: \url{https://www.tarantool.io/ru/doc/latest/book/box/engines/} (дата обращения: 22.03.2022)"
}

@inproceedings{mono-vs-micro,
    author = {Gos, Konrad and Zabierowski, Wojciech},
    year = {2020},
    month = {04},
    pages = {150-153},
    title = {The Comparison of Microservice and Monolithic Architecture},
    doi = {10.1109/MEMSTECH49584.2020.9109514}
}

@misc{mvp,
	title="Model-view-presenter architecture - ResearchGate [Электронный ресурс]",
	howpublished="Режим доступа: \url{https://www.researchgate.net/figure/Model-view-presenter-architecture_fig8_320249584} (дата обращения: 30.05.2022)"
}

@misc{auth,
	title="В чем разница между аутентификацией и авторизацией? [Электронный ресурс]",
	howpublished="Режим доступа: \url{https://www.opennet.ru/docs/BSD/qa/authoriz-vs-authent.html} (дата обращения: 30.05.2022)"
}

@misc{http,
	title="An overview of HTTP - MDN Web Docs [Электронный ресурс]",
	howpublished="Режим доступа: \url{https://developer.mozilla.org/en-US/docs/Web/HTTP/Overview} (дата обращения: 30.05.2022)"
}

@misc{golang,
	title="The Go Programming Language [Электронный ресурс]",
	howpublished="Режим доступа: \url{https://go.dev/} (дата обращения: 30.05.2022)"
}

@misc{gingonic,
	title="Gin Gonic [Электронный ресурс]",
	howpublished="Режим доступа: \url{https://gin-gonic.com/} (дата обращения: 30.05.2022)"
}

@misc{gorm,
    title="GORM - The fantastic ORM library for Golang, aims to be developer friendly [Электронный ресурс]",
	howpublished="Режим доступа: \url{http://gorm.io} (дата обращения: 30.05.2022)"
}

@misc{go-tarantool,
    title="Tarantool 1.6+ client for Go language [Электронный ресурс]",
	howpublished="Режим доступа: \url{https://github.com/tarantool/go-tarantool} (дата обращения: 30.05.2022)"
}

@misc{docker,
	title="Docker: Empowering App Development for Developers [Электронный ресурс]",
	howpublished="Режим доступа: \url{https://www.docker.com/} (дата обращения: 07.05.2022)"
}

@misc{docker-compose,
	title="Overview of Docker Compose [Электронный ресурс]",
	howpublished="Режим доступа: \url{https://docs.docker.com/compose/} (дата обращения: 07.06.2021)"
}

@misc{i7,
	title="Процессор Intel® Core™ i7-1068NG7 [Электронный ресурс]",
	howpublished="Режим доступа: \url{https://www.intel.com/content/www/us/en/products/sku/196593/intel-core-i71068ng7-processor-8m-cache-up-to-4-10-ghz/specifications.html} (дата обращения: 30.05.2022)"
}

@misc{bigsur,
	title="macOS Big Sur is here - Apple [Электронный ресурс]",
	howpublished="Режим доступа: \url{https://www.apple.com/newsroom/2020/11/macos-big-sur-is-here/} (дата обращения: 30.05.2022)"
}

@misc{manjaro,
	title="Manjaro - enjoy the simplicity [Электронный ресурс]",
	howpublished="Режим доступа: \url{https://manjaro.org/} (дата обращения: 30.05.2022)"
}

@misc{linux,
	title="LINUX.ORG.RU -- Русская информация об ОС Linux [Электронный ресурс]",
	howpublished="Режим доступа: \url{https://www.linux.org.ru/} (дата обращения: 30.05.2022)"
}

@misc{i5,
	title="Процессор Intel® Core™ i5-8250U [Электронный ресурс]",
	howpublished="Режим доступа: \url{https://ark.intel.com/content/www/ru/ru/ark/products/124967/intel-core-i5-8250u-processor-6m-cache-up-to-3-40-ghz.html} (дата обращения: 30.05.2022)"
}

@misc{gzip,
	title="Gzip - GNU Project - Free Software Foundation [Электронный ресурс]",
	howpublished="Режим доступа: \url{https://www.gnu.org/software/gzip/} (дата обращения: 30.05.2022)"
}